@inproceedings{primary,
	title={Designing Distributed Tree-based Index Structures for Fast RDMA-capable Networks},
	author={Tobias Ziegler
		and Sumukha Tumkur Vani
		and Carsten Binnig
		and Rodrigo Fonseca
		and Tim Kraska
	},
	booktitle={Proceedings of the 2019 International Conference on Management of Data},
	shortbooktitle={SIGMOD 2019},
	year={2019},
	publisher={Association for Computing Machinery},
	shortpublisher={ACM},
	address={New York, NY, USA},
	location={Amsterdam, Netherlands},
	eventdate={2019-06-30/2019-07-05},
	pages={741--758},
	numpages={18},
	isbn={9781450356435},
	doi={10.1145/3299869.3300081},
	url={https://www.cs.purdue.edu/homes/csjgwang/CloudNativeDB/RDMABtreeSIGMOD20.pdf},
}
